<?xml version="1.0" encoding="UTF-8"?><collection xmlns="http://www.loc.gov/MARC21/slim"><record><leader>00520nam--2200193-u-4500</leader><controlfield tag="001">000053367</controlfield><controlfield tag="002">20161230</controlfield><controlfield tag="005">20161230201051</controlfield><controlfield tag="008">110316s1000------------r-----000-0-rum-d</controlfield><datafield ind1=" " ind2=" " tag="020"><subfield code="a">9736485110</subfield></datafield><datafield ind1=" " ind2=" " tag="040"><subfield code="a">IFIN-HH</subfield></datafield><datafield ind1=" " ind2=" " tag="041"><subfield code="a">rum</subfield></datafield><datafield ind1=" " ind2=" " tag="080"><subfield code="a">536:535:537/8</subfield></datafield><datafield ind1="1" ind2=" " tag="100"><subfield code="a">Wagner, Delia</subfield></datafield><datafield ind1="1" ind2="0" tag="245"><subfield code="a">Fizica</subfield><subfield code="b">Termodinamica, fizica statistica, electromagnetism, optica ondulatorie</subfield><subfield code="c">Delia wagner</subfield></datafield><datafield ind1=" " ind2=" " tag="260"><subfield code="a">Bucuresti</subfield><subfield code="b">Editura Bren</subfield><subfield code="c">2005</subfield></datafield><datafield ind1=" " ind2=" " tag="300"><subfield code="a">342P</subfield></datafield><datafield ind1=" " ind2=" " tag="852"><subfield code="a">82248</subfield><subfield code="c">53</subfield></datafield><datafield ind1=" " ind2=" " tag="CAT"><subfield code="a">Sys</subfield><subfield code="c">20151012</subfield><subfield code="h">090522</subfield></datafield></record></collection>